=LDR  03710cam a2200901 a 4500
=001  012980851
=003  Uk
=005  20211231171740.0
=008  040818s2004\\\\ne\a\\\\\b\\\\101\0\eng\\
=FMT  \\$a  BK
=015  \\$aGBA462948$2bnb
=016  7\$a012980851$2Uk
=020  \\$a008044525X (cased) :$cNo price
=040  \\$aStDuBDS$dUk
=042  \\$aukblsr
=082  04$a624.151$222
=111  2\$aGeoProc2003$d(2003 :$cStockholm, Sweden)
=CNF  \\$aGeoProc 2003 (Conference :$d2003 Oct :$cStockholm, Sweden)
=245  10$aCoupled thermo-hydro-mechanical-chemical processes in geo-systems :$bfundamentals, modelling, experiments and applications /$cedited by Ove Stephansson, John A. Hudson, Lanru Jing.
=260  \\$aAmsterdam ;$aOxford :$bElsevier,$cc2004.
=300  \\$axx, 832 p. :$bill. ;$c25 cm.
=336  \\$atext$2rdacontent
=337  \\$aunmediated$2rdamedia
=338  \\$avolume$2rdacarrier
=490  1\$aElsevier geo-engineering book series ;$vv. 2
=500  \\$aConference proceedings.
=591  \\$aPapers.
=500  \\$aIncludes index.
=500  \\$aFormerly CIP.$5Uk
=540  \\$aCurrent copyright fee: GBP34.30$c5\1$5Uk
=650  \0$aEngineering geology$vCongresses.
=653  1\$aGeoProc
=653  1\$aThermo hydro mechanical chemical processes
=650  \0$aEngineering geology$xMathematical models$vCongresses.
=650  \0$aRocks$xFracture$vCongresses.
=650  \0$aRocks$xFracture$xMathematical models$vCongresses.
=650  \0$aHydrogeology$vCongresses.
=650  \0$aHydrogeology$xMathematical models$vCongresses.
=650  \0$aRocks$xThermomechanical properties$vCongresses.
=650  \0$aRocks$xThermomechanical properties$xMathematical models$vCongresses.
=700  1\$aStephansson, Ove,$d1938-
=700  1\$aHudson, John A.
=700  1\$aJing, Lanru.
=830  \0$aElsevier geo-engineering book series ;$vv. 2.
=856  \\$31850-9999$uhttp://www.elsevier.com/journals$xBLDSS
=852  11$aBritish Library$bSTI$k(B)$h624.151
=852  41$aBritish Library$bDSC$i3732.362000
=945  \\$aElsevier geoengineering book series, ISSN 1571-9960 ; v. 2 2004
=CAT  \\$aBATCH$b00$c20040831$lBLL01$h2008
=CAT  \\$c20040831$lBLL01$h2009
=CAT  \\$c20040831$lBLL01$h2014
=CAT  \\$a10812$b40$c20050616$lBLL01$h1625
=CAT  \\$a11070$b40$c20050622$lBLL01$h1216
=CAT  \\$a8962$b40$c20050809$lBLL01$h0815
=CAT  \\$aBATCH$b00$c20091217$lBLL01$h0326
=CAT  \\$aBATCH-UPD$b00$c20100120$lBLL01$h2041
=CAT  \\$aBATCH-CLA$b00$c20120928$lBLL01$h1840
=CAT  \\$aBATCH-CLA$b00$c20120930$lBLL01$h1053
=CAT  \\$aBATCH-CLA$b00$c20130508$lBLL01$h0741
=CAT  \\$aBATCH-CLA$b00$c20140111$lBLL01$h0035
=CAT  \\$aBLDSS-3PM$b00$c20141222$lBLL01$h1713
=CAT  \\$aWR16_021$c20160610$lBLL01$h1953
=CAT  \\$aBATCH-UPD$b00$c20160610$lBLL01$h2157
=CAT  \\$aBATCH-UPD$b00$c20171121$lBLL01$h1743
=CAT  \\$aIPL-CLA$c20171231$lBLL01$h1634
=CAT  \\$aBATCH-UPD$b00$c20190521$lBLL01$h1435
=CAT  \\$aIPL-CLA$c20190630$lBLL01$h1533
=CAT  \\$aBATCH-UPD$b00$c20211119$lBLL01$h1553
=CAT  \\$aIPL-CLA$c20211231$lBLL01$h1717
=CAT  \\$aW2308-1659$c20230923$lBLL01$h0908
=CFI  0\$aCurrent copyright fee: GBP34.30$c5\1$e01-jan-2022$fGBP34.30$g0$hP$5Uk
=CFI  2\$aPrevious copyright fee: GBP32.84$c5\1$e01-jul-2019$fGBP32.84$g0$hP$5Uk
=FFP  \\$aY$bBLDSS-3PM
=FIN  \\$aY$d20050622
=TCO  \\$aNLD$bSTICHTING REPRORECHT$c008
=ACF  \\$aPrevious copyright fee: GBP22.50$c5\1$e10-jan-2014$fGBP22.50$g0$hP$5Uk
=ACF  \\$aPrevious copyright fee: GBP23.40$c5\1$e01-jan-2018$fGBP23.40$g0$hP$5Uk
=LAS  \\$aW2308-1659$b00$c20230923$lBLL01$h0908

