=LDR  04999cam a2201081 a 4500
=001  013515155
=003  Uk
=005  20231009090751.0
=008  060721s2006\\\\gw\ac\\\\b\\\\010\0\eng\d
=FMT  \\$a  BK
=015  \\$aGBA665883$2bnb
=020  \\$a9783540336983 :$cNo price
=020  \\$a3540336982 :$cNo price
=040  \\$aOHX$cOHX$dUk
=042  \\$aukblsr
=072  \7$aQA$2lcco
=082  04$a511.1$222
=245  00$aTopics in discrete mathematics :$bdedicated to Jarik Nešetřil on the occasion of his 60th birthday /$cMartin Klazar ... [et al.], editors.
=260  \\$aBerlin ;$a[Great Britain] :$bSpringer,$cc2006.
=300  \\$axv, 627 p. :$bill. ;$c24 cm.
=336  \\$atext$2rdacontent
=337  \\$aunmediated$2rdamedia
=338  \\$avolume$2rdacarrier
=490  1\$aAlgorithms and combinatorics,$x0937-5511 ;$v26
=500  \\$aFestschrift.
=504  \\$aIncludes bibliographical references.
=540  \\$aCurrent copyright fee: GBP29.95$c22\1$5Uk
=650  \0$aMathematics.
=650  \0$aComputer science$xMathematics.
=650  \0$aGraph theory.
=700  1\$aNešetřil, Jaroslav.
=700  1\$aKlazar, Martin.
=830  \0$aAlgorithms and combinatorics,$x0937-5511 ;$v26
=856  \\$31850-9999$uhttp://www.springer.com/gb/$xBLDSS
=852  41$aBritish Library$bDSC$h0787.339000$iv.26
=852  11$aBritish Library$bSTI$k(B)$h511.1$i26
=CAT  \\$a8411$b40$c20060724$lBLL01$h0939
=CAT  \\$aIPL-CLA$c20170929$lBLL01$h1734
=CAT  \\$aBATCH-UPD$b00$c20180223$lBLL01$h1721
=CAT  \\$aIPL-CLA$c20180331$lBLL01$h1625
=CAT  \\$aBATCH-UPD$b00$c20180524$lBLL01$h1714
=CAT  \\$aIPL-CLA$c20180630$lBLL01$h1919
=CAT  \\$aBATCH-UPD$b00$c20200711$lBLL01$h1753
=CAT  \\$aBATCH-CLAB$c20220627$lBLL01$h2103
=CAT  \\$aIPL-CLA$c20220630$lBLL01$h1710
=CAT  \\$a12654$b40$c20220704$lBLL01$h0810
=CAT  \\$aBATCH-CLAB$c20220908$lBLL01$h1340
=CAT  \\$aIPL-CLA$c20220930$lBLL01$h1558
=CAT  \\$a12654$b40$c20221031$lBLL01$h0816
=CAT  \\$a12654$b40$c20221031$lBLL01$h0817
=CAT  \\$aBATCH-UPD$b40$c20221121$lBLL01$h1401
=CAT  \\$aIPL-CLA$c20221231$lBLL01$h2125
=CAT  \\$aBATCH-CLAB$c20230324$lBLL01$h1407
=CAT  \\$aIPL-CLA$c20230331$lBLL01$h1647
=CAT  \\$a12654$b40$c20230405$lBLL01$h0900
=CAT  \\$aBATCH-FIX$c20230511$lBLL01$h1629
=CAT  \\$aBATCH-CLAB$c20230601$lBLL01$h1243
=CAT  \\$aIPL-CLA$c20230630$lBLL01$h1725
=CAT  \\$a12654$b40$c20230705$lBLL01$h0852
=CAT  \\$aBATCH-CLAB$c20230907$lBLL01$h1726
=CAT  \\$aW2308-1659$c20230923$lBLL01$h0924
=CAT  \\$aIPL-CLA$c20230930$lBLL01$h1109
=CAT  \\$a12654$b40$c20231009$lBLL01$h0907
=CFI  0\$aCurrent copyright fee: GBP29.95$c22\1$e09-oct-2023$fGBP29.95$g0$hP$5Uk
=CFI  2\$aBritish Library not licensed to copy$c0$e01-oct-2023$hC$iCFP Excluded$5Uk
=CFI  2\$aPrevious copyright fee: GBP29.95$c22\1$e05-jul-2023$fGBP29.95$g0$hP$5Uk
=FFP  \\$aY$bBLDSS-3PM
=FIN  \\$aY$d20060728
=SID  \\$aZ39$bOCLC
=TCO  \\$aDEU$bVG WORT$c008
=UNO  \\$aY
=ACF  \\$aPrevious copyright fee: GBP29.95$c22\1$e01-jan-2023$fGBP29.95$g0$hP$5Uk
=ACF  \\$aPrevious copyright fee: GBP25.00$c22\3$e01-jan-2013$fGBP25.00$g0$hP$5Uk
=ACF  \\$aPrevious copyright fee: GBP25.77$c22\3$e01-jul-2013$fGBP25.77$g0$hP$5Uk
=ACF  \\$aPrevious copyright fee: GBP24.97$c22\3$e01-jan-2014$fGBP24.97$g0$hP$5Uk
=ACF  \\$aPrevious copyright fee: GBP24.21$c22\3$e01-jul-2014$fGBP24.21$g0$hP$5Uk
=ACF  \\$aPrevious copyright fee: GBP25.77$c22\3$e01-apr-2015$fGBP25.77$g0$hP$5Uk
=ACF  \\$aPrevious copyright fee: GBP26.63$c22\3$e01-jul-2015$fGBP26.63$g0$hP$5Uk
=ACF  \\$aPrevious copyright fee: GBP25.77$c22\3$e01-oct-2015$fGBP25.77$g0$hP$5Uk
=ACF  \\$aPrevious copyright fee: GBP27.55$c22\3$e01-apr-2016$fGBP27.55$g0$hP$5Uk
=ACF  \\$aPrevious copyright fee: GBP29.59$c22\3$e01-oct-2016$fGBP29.59$g0$hP$5Uk
=ACF  \\$aPrevious copyright fee: GBP31.96$c22\3$e01-apr-2017$fGBP31.96$g0$hP$5Uk
=ACF  \\$aPrevious copyright fee: GBP30.73$c22\3$e01-oct-2017$fGBP30.73$g0$hP$5Uk
=ACF  \\$aPrevious copyright fee: GBP28.54$c22\3$e01-apr-2018$fGBP28.54$g0$hP$5Uk
=ACF  \\$aBritish Library not licensed to copy$c0$e01-jul-2022$hC$iCFP Excluded$5Uk
=ACF  \\$aPrevious copyright fee: GBP34.00$c22\1$e01-jul-2018$fGBP34.00$g0$hP$5Uk
=ACF  \\$aBritish Library not licensed to copy$c0$e01-oct-2022$hC$iCFP Excluded$5Uk
=ACF  \\$aPrevious copyright fee: GBP34.00$c22\1$e04-jul-2022$fGBP34.00$g0$hP$5Uk
=ACF  \\$aPrevious copyright fee: GBP34.00$c22\1$e31-oct-2022$fGBP34.00$g0$hP$5Uk
=ACF  \\$aBritish Library not licensed to copy$c0$e01-apr-2023$hC$iCFP Excluded$5Uk
=ACF  \\$aBritish Library not licensed to copy$c0$e01-jul-2023$hC$iCFP Excluded$5Uk
=ACF  \\$aPrevious copyright fee: GBP29.95$c22\1$e05-apr-2023$fGBP29.95$g0$hP$5Uk
=LAS  \\$a12654$b40$c20231009$lBLL01$h0907

