=LDR  05458cam a2201201 a 4500
=001  007756882
=003  Uk
=005  20231009090418.0
=008  010726s2000\\\\enka\\\||\\\\\101\||eng\\
=FMT  \\$a  BK
=015  \\$aGBA143471$2bnb
=019  y\$abA143471
=019  9\$a3540423451
=019  a\$aG07255706
=019  0\$as668719001
=020  \\$a3540423451 (pbk.) :$cNo price
=039  0\$a2652
=040  \\$aUk$cUk
=082  04$a004.24$221
=084  \\$aPN 351$2blsrissc
=111  2\$aCAV (Conference)$n(13th :$d2001 :$cParis, France)
=245  10$aComputer aided verification :$b13th international conference, CAV 2001, Paris, France, July 18-22, 2001 : proceedings /$cGérard Berry, Hubert Comon, Alain Finkel (Eds.).
=260  \\$aBerlin ;$aLondon :$bSpringer,$cc2001.
=300  \\$axiii,520 p. :$bill. ;$c24 cm.
=336  \\$atext$2rdacontent
=337  \\$aunmediated$2rdamedia
=338  \\$avolume$2rdacarrier
=490  1\$aLecture notes in computer science,$x0302-9743 ;$v2102
=504  \\$aIncludes bibliographical references and index.
=597  \\$aEnhanced$bSRIS DDC
=540  \\$aCurrent copyright fee: GBP19.00$c42\0$5Uk
=650  \0$aComputer software$xVerification$vCongresses.
=650  \0$aIntegrated circuits$xVerification$vCongresses.
=700  1\$aBerry, Gérard,$d1948-
=700  1\$aComon, Hubert.
=700  1\$aFinkel, A.$q(Alain),$d1958-
=886  2\$2ukmarc$a900$b10$aFinkel$hAlain$c1958-$xSee$aFinkel, A. (Alain),$x1958-$z700/2
=830  \0$aLecture notes in computer science,$x0302-9743 ;$v2102
=856  \\$31850-9999$uhttp://www.springer.com/gb/$xBLDSS
=852  41$aBritish Library$bDSC$i5180.185000 [no] 2102 2000
=852  71$aBritish Library$bSTI$k(P)$hPL 50$m-E(30)$2blsrissc
=945  \\$aLecture notes in computer science ; no 2102
=957  \\$a010725p
=CAT  \\$aCONV$b00$c20040425$lBLL90$h0629
=CAT  \\$aBATCH-UPD$b00$c20170904$lBLL01$h1958
=CAT  \\$aIPL-CLA$c20170929$lBLL01$h1710
=CAT  \\$aBATCH-UPD$b00$c20180223$lBLL01$h1854
=CAT  \\$aIPL-CLA$c20180331$lBLL01$h1557
=CAT  \\$aBATCH-UPD$b00$c20180524$lBLL01$h1752
=CAT  \\$aIPL-CLA$c20180630$lBLL01$h1908
=CAT  \\$aBATCH-CLAB$c20220627$lBLL01$h2106
=CAT  \\$aIPL-CLA$c20220630$lBLL01$h1657
=CAT  \\$a12654$b40$c20220704$lBLL01$h0759
=CAT  \\$aBATCH-CLAB$c20220908$lBLL01$h1340
=CAT  \\$aIPL-CLA$c20220930$lBLL01$h1546
=CAT  \\$a12654$b40$c20221031$lBLL01$h0812
=CAT  \\$aBATCH-CLAB$c20221217$lBLL01$h1753
=CAT  \\$aIPL-CLA$c20221231$lBLL01$h1832
=CAT  \\$aBATCH-CLA$b00$c20230104$lBLL01$h0405
=CAT  \\$aBATCH-CLAB$c20230324$lBLL01$h1407
=CAT  \\$aIPL-CLA$c20230331$lBLL01$h1611
=CAT  \\$a12654$b40$c20230405$lBLL01$h0856
=CAT  \\$a12654$b40$c20230405$lBLL01$h0857
=CAT  \\$aBATCH-FIX$c20230511$lBLL01$h1625
=CAT  \\$aBATCH-CLAB$c20230601$lBLL01$h1244
=CAT  \\$aIPL-CLA$c20230630$lBLL01$h1705
=CAT  \\$a12654$b40$c20230705$lBLL01$h0850
=CAT  \\$aBATCH-CLAB$c20230907$lBLL01$h1726
=CAT  \\$aIPL-CLA$c20230930$lBLL01$h1002
=CAT  \\$a12654$b40$c20231009$lBLL01$h0904
=CFI  0\$aCurrent copyright fee: GBP19.00$c42\0$e09-oct-2023$fGBP19.00$g0$hP$5Uk
=CFI  2\$aBritish Library not licensed to copy$c0$e01-oct-2023$hC$iCFP Excluded$5Uk
=CFI  2\$aPrevious copyright fee: GBP19.00$c42\0$e05-jul-2023$fGBP19.00$g0$hP$5Uk
=FFP  \\$aY$bBLDSS-3PM
=FIN  \\$aY
=LEO  \\$aMP5.0001893211
=LEO  \\$aMP8.0001731702
=LEO  \\$aMP25.0000349596
=SRC  \\$aBNB03$bbibmp5.200404.2.ad
=SRC  \\$aDSC01$bbibmp8.200404.2.ac
=SRC  \\$aSRI01$bbibmp25.200404.2.aa
=TCO  \\$aDEU$bVG WORT$c008
=UNO  \\$aY
=ACF  \\$aPrevious copyright fee: GBP19.00$c42\0$e01-jul-2018$fGBP19.00$g0$hP$5Uk
=ACF  \\$aPrevious copyright fee: GBP18.72$c42\0$e01-jan-2013$fGBP18.72$g0$hP$5Uk
=ACF  \\$aPrevious copyright fee: GBP19.32$c42\0$e01-jul-2013$fGBP19.32$g0$hP$5Uk
=ACF  \\$aPrevious copyright fee: GBP18.72$c42\0$e01-jan-2014$fGBP18.72$g0$hP$5Uk
=ACF  \\$aPrevious copyright fee: GBP18.15$c42\0$e01-jul-2014$fGBP18.15$g0$hP$5Uk
=ACF  \\$aPrevious copyright fee: GBP19.32$c42\0$e01-apr-2015$fGBP19.32$g0$hP$5Uk
=ACF  \\$aPrevious copyright fee: GBP19.97$c42\0$e01-jul-2015$fGBP19.97$g0$hP$5Uk
=ACF  \\$aPrevious copyright fee: GBP19.32$c42\0$e01-oct-2015$fGBP19.32$g0$hP$5Uk
=ACF  \\$aPrevious copyright fee: GBP20.66$c42\0$e01-apr-2016$fGBP20.66$g0$hP$5Uk
=ACF  \\$aPrevious copyright fee: GBP22.19$c42\0$e01-oct-2016$fGBP22.19$g0$hP$5Uk
=ACF  \\$aPrevious copyright fee: GBP23.96$c42\0$e01-apr-2017$fGBP23.96$g0$hP$5Uk
=ACF  \\$aPrevious copyright fee: GBP23.04$c42\0$e01-oct-2017$fGBP23.04$g0$hP$5Uk
=ACF  \\$aPrevious copyright fee: GBP21.39$c42\0$e01-apr-2018$fGBP21.39$g0$hP$5Uk
=ACF  \\$aBritish Library not licensed to copy$c0$e01-jul-2022$hC$iCFP Excluded$5Uk
=ACF  \\$aBritish Library not licensed to copy$c0$e01-oct-2022$hC$iCFP Excluded$5Uk
=ACF  \\$aPrevious copyright fee: GBP19.00$c42\0$e04-jul-2022$fGBP19.00$g0$hP$5Uk
=ACF  \\$aBritish Library not licensed to copy$c0$e01-apr-2023$hC$iCFP Excluded$5Uk
=ACF  \\$aBritish Library not licensed to copy$c0$e01-jul-2023$hC$iCFP Excluded$5Uk
=ACF  \\$aPrevious copyright fee: GBP19.00$c42\0$e05-apr-2023$fGBP19.00$g0$hP$5Uk
=LAS  \\$a12654$b40$c20231009$lBLL01$h0904

